
@IEEEtranBSTCTL{IEEEexample:BSTcontrol,
CTLdash_repeated_names= "no",
}

@misc{cuda-memcheck,
key = {cuda-memcheck},
year = 2015,
title = {{CUDA-MEMCHECK Tool}},
url =  {http://docs.nvidia.com/cuda/pdf/CUDA_Memcheck.pdf}}


@misc{simone-llvm-ppc,
key = {simone-llvm-ppc},
year = 2015,
url = {http://reviews.llvm.org/D12841}}

@inproceedings{DBLP:conf/pldi/HuangMR14,
  author    = {Jeff Huang and
               Patrick O'Neil Meredith and
               Grigore Rosu},
  title     = {Maximal sound predictive race detection with control flow abstraction},
  booktitle = {PLDI},
  pages     = {36},
  year      = {2014}
}

@proceedings{DBLP:conf/pldi/2014,
  editor    = {Michael F. P. O'Boyle and
               Keshav Pingali},
  title     = {{ACM} {SIGPLAN} Conference on Programming Language Design and Implementation,
               {PLDI} '14, Edinburgh, United Kingdom - June 09 - 11, 2014},
  publisher = {{ACM}},
  year      = {2014},
  opturl       = {http://dl.acm.org/citation.cfm?id=2594291},
  optisbn      = {978-1-4503-2784-8},
  opttimestamp = {Sat, 10 May 2014 14:18:27 +0200},
  optbiburl    = {http://dblp.uni-trier.de/rec/bib/conf/pldi/2014},
  optbibsource = {dblp computer science bibliography, http://dblp.org}
}




@misc{god-nag,
author  = {Patrice Godefroid and Nachiappan Nagappan},
title = {Concurrency at Microsoft:
         An Exploratory Survey},
booktitle = {Proc. Workshop on
             Exploiting Concurrency Efficiently and Correctly (EC2)},
year = 2008,
note = {A CAV 2008 workshop}}

@misc{archer-release,
key = {archer-release},
url = {https://github.com/soarlab/Archer},
year = 2015}

@inproceedings{DBLP:conf/oopsla/BettsCDQT12,
	Author = {Adam Betts and Nathan Chong and Alastair
                  F. Donaldson and Shaz Qadeer and Paul Thomson},
	Booktitle = {OOPSLA/SPLASH},
	Pages = {113--132},
	Title = {{GPUV}erify: a verifier for {GPU} kernels},
	Year = {2012}}

@proceedings{DBLP:conf/oopsla/2012,
	Editor = {Gary T. Leavens and Matthew B. Dwyer},
	Optpublisher = {{ACM}},
	Title = {{OOPSLA/SPLASH}},
	Year = {2012}}

@inproceedings{DBLP:conf/icpp/MaDWLQY13,
	Author = {Hongyi Ma and Steve Diersen and Liqiang Wang and
                  Chunhua Liao and Daniel J. Quinlan and Zijiang
                  Yang},
	Booktitle = {ICPP},
	Optbibsource = {dblp computer science bibliography,
                  http://dblp.org},
	Optbiburl =
                  {http://dblp.uni-trier.de/rec/bib/conf/icpp/MaDWLQY13},
	Optcrossref = {DBLP:conf/icpp/2013},
	Optdoi = {10.1109/ICPP.2013.63},
	Opttimestamp = {Tue, 02 Dec 2014 17:13:28 +0100},
	Opturl = {http://dx.doi.org/10.1109/ICPP.2013.63},
	Pages = {510--516},
	Title = {Symbolic Analysis of Concurrency Errors in {OpenMP}
                  Programs}},
	Year = {2013}}

@proceedings{DBLP:conf/icpp/2013,
	Optbibsource = {dblp computer science bibliography,
                  http://dblp.org},
	Optbiburl = {http://dblp.uni-trier.de/rec/bib/conf/icpp/2013},
	Optisbn = {978-0-7695-5117-3},
	Opttimestamp = {Tue, 02 Dec 2014 17:13:28 +0100},
	Opturl =
                  {http://ieeexplore.ieee.org/xpl/mostRecentIssue.jsp?punumber=6687305},
	Publisher = {{IEEE} Computer Society},
	Title = {{ICPP}},
	Year = {2013}}

@inproceedings{DBLP:conf/sigsoft/LiG10,
	Author = {Guodong Li and Ganesh Gopalakrishnan},
	Booktitle = {FSE},
	Optbibsource = {dblp computer science bibliography,
                  http://dblp.org},
	Optbiburl =
                  {http://dblp.uni-trier.de/rec/bib/conf/sigsoft/LiG10},
	Optcrossref = {DBLP:conf/sigsoft/2010},
	Optdoi = {10.1145/1882291.1882320},
	Opttimestamp = {Fri, 28 Jan 2011 07:43:10 +0100},
	Opturl = {http://doi.acm.org/10.1145/1882291.1882320},
	Pages = {187--196},
	Title = {Scalable SMT-based verification of {GPU} kernel
                  functions},
	Year = {2010}}

@proceedings{DBLP:conf/sigsoft/2010,
	Editor = {Gruia{-}Catalin Roman and Kevin J. Sullivan},
	Optbibsource = {dblp computer science bibliography,
                  http://dblp.org},
	Optbiburl =
                  {http://dblp.uni-trier.de/rec/bib/conf/sigsoft/2010},
	Optisbn = {978-1-60558-791-2},
	Optpublisher = {{ACM}},
	Opttimestamp = {Fri, 28 Jan 2011 07:43:10 +0100},
	Title = {{FSE}},
	Year = {2010}}

@inproceedings{DBLP:conf/sc/LiLG14,
	Author = {Peng Li and Guodong Li and Ganesh Gopalakrishnan},
	Booktitle = {Supercomputing},
	Optbibsource = {dblp computer science bibliography,
                  http://dblp.org},
	Optbiburl = {http://dblp.uni-trier.de/rec/bib/conf/sc/LiLG14},
	Optcrossref = {DBLP:conf/sc/2014},
	Optdoi = {10.1109/SC.2014.20},
	Opttimestamp = {Thu, 22 Jan 2015 19:03:31 +0100},
	Opturl = {http://dx.doi.org/10.1109/SC.2014.20},
	Pages = {179--190},
	Title = {Practical Symbolic Race Checking of {GPU} Programs},
	Year = {2014}}

@proceedings{DBLP:conf/sc/2014,
	Optbibsource = {dblp computer science bibliography,
                  http://dblp.org},
	Optbiburl = {http://dblp.uni-trier.de/rec/bib/conf/sc/2014},
	Optisbn = {978-1-4799-5500-8},
	Opttimestamp = {Thu, 22 Jan 2015 17:52:58 +0100},
	Opturl =
                  {http://ieeexplore.ieee.org/xpl/mostRecentIssue.jsp?punumber=7012142},
	Publisher = {{IEEE}},
	Title = {Supercomputing},
	Year = {2014}}

@inproceedings{DBLP:conf/ppopp/DasSR15,
	Author = {Madan Das and Gabriel Southern and Jose Renau},
	Booktitle = {PPoPP},
	Optbibsource = {dblp computer science bibliography,
                  http://dblp.org},
	Optbiburl =
                  {http://dblp.uni-trier.de/rec/bib/conf/ppopp/DasSR15},
	Optcrossref = {DBLP:conf/ppopp/2015},
	Optdoi = {10.1145/2688500.2688552},
	Opttimestamp = {Tue, 27 Jan 2015 11:10:13 +0100},
	Opturl = {http://doi.acm.org/10.1145/2688500.2688552},
	Pages = {283--284},
	Title = {Section based program analysis to reduce overhead of
                  detecting unsynchronized thread communication},
	Year = {2015}}

@proceedings{DBLP:conf/ppopp/2015,
	Editor = {Albert Cohen and David Grove},
	Optbibsource = {dblp computer science bibliography,
                  http://dblp.org},
	Optbiburl =
                  {http://dblp.uni-trier.de/rec/bib/conf/ppopp/2015},
	Optisbn = {978-1-4503-3205-7},
	Optpublisher = {{ACM}},
	Opttimestamp = {Tue, 27 Jan 2015 11:05:46 +0100},
	Opturl = {http://dl.acm.org/citation.cfm?id=2688500},
	Title = {{PPoPP}},
	Year = {2015}}

@misc{race-rv-2012-talk,
	Author = {John Erickson and Stephen Freund and Madan
                  Musuvathi},
	Howpublished =
                  {\url{http://rv2012.ku.edu.tr/invited-tutorials/}},
	Title = {Dynamic Analyses for Data-Race Detection},
	Year = 2012}

@inproceedings{Marino:2009:LES:1542476.1542491,
	Author = {Marino, Daniel and Musuvathi, Madanlal and
                  Narayanasamy, Satish},
	Booktitle = {PLDI},
	Optacmid = {1542491},
	Optaddress = {New York, NY, USA},
	Optdoi = {10.1145/1542476.1542491},
	Optisbn = {978-1-60558-392-1},
	Optkeywords = {concurrency bugs, dynamic data race detection,
                  sampling},
	Optlocation = {Dublin, Ireland},
	Optnumpages = {10},
	Optpublisher = {ACM},
	Optseries = {PLDI '09},
	Opturl = {http://doi.acm.org/10.1145/1542476.1542491},
	Pages = {134--143},
	Title = {{LiteRace}: Effective Sampling for Lightweight
                  Data-race Detection},
	Year = {2009}}

@inproceedings{Boehm:2011:MPB:2001252.2001255,
	Author = {Boehm, Hans-J.},
	Booktitle = {{Proc. of the 3rd USENIX Conference on Hot
                  Topic in Parallelism}},
	Optacmid = {2001255},
	Optaddress = {Berkeley, CA, USA},
	Optlocation = {Berkeley, CA},
	Optnumpages = {1},
	Optpublisher = {USENIX Association},
	Optseries = {HotPar'11},
	Opturl = {http://dl.acm.org/citation.cfm?id=2001252.2001255},
	Pages = {3--3},
	Title = {How to Miscompile Programs with "Benign" Data Races},
	Year = {2011}}

@inproceedings{usenix-race-erickson-et-al,
	Author = {John Erickson and Madanlal Musuvathi and Sebastian
                  Burckhardt and Kirk Olynyk},
	Booktitle = {OSDI},
	Title = {Effective data-race detection for the kernel},
	Year = 2010}

@article{netzer-miller,
	Author = {Robert H. B. Netzer and Barton P. Miller},
	Journal = {LOPLAS},
	Optmonth = mar,
	Optnote = {DOI 10.1145/130616.130623},
	Optnumber = 1,
	Optvolume = 1,
	Pages = {74--88},
	Title = {What are race conditions?: Some issues and
                  formalizations},
	Year = 1992}

@misc{ompdoc,
	Author = {{OpenMP Architecture Review Board}},
	Howpublished =
                  {\url{http://www.openmp.org/mp-documents/OpenMP4.0.0.pdf}},
	Title = {{OpenMP} Application Program Interface}}

@misc{tsan,
	Author = {Serebryany, Konstantin and Vyukov, Dmitry},
	Howpublished =
                  {\url{https://code.google.com/p/thread-sanitizer/}},
	Title = {{ThreadSanitizer}, a data race detector for {C/C++
                  and Go}}}

@misc{wiki:fscore,
	Author = {Wikipedia},
	Howpublished =
                  {\url{https://en.wikipedia.org/wiki/F1_score}},
	Title = {{F1} score},
	Year = {2015}}

@misc{amg2013,
	Author = {{Center for Applied Scientific Computing (CASC) at
                  LLNL}},
	Howpublished = {\url{https://codesign.llnl.gov/amg2013.php}},
	Title = {{AMG2013}}}

@misc{hypre,
	Author = {{Center for Applied Scientific Computing (CASC) at
                  LLNL}},
	Howpublished = {\url{http://acts.nersc.gov/hypre/}},
	Title = {Hypre}}

@misc{nif,
	Author = {{Lawrence Livermore National Laboratory}},
	Howpublished = {\url{https://lasers.llnl.gov}},
	Title = {{N}ational {I}gnition {F}acility and {P}hoton
                  {S}cience}}

@misc{sequoia,
	Author = {{Lawrence Livermore National Laboratory}},
	Howpublished =
                  {\url{https://asc.llnl.gov/computing_resources/sequoia}},
	Title = {{A}dvanced {S}imulation and {C}omputing {S}equoia}}

@article{Henson2002155,
	Author = {Van Emden Henson and Ulrike Meier Yang},
	Journal = {Applied Numerical Mathematics},
	Optdoi = {http://dx.doi.org/10.1016/S0168-9274(01)00115-5},
	Optissn = {0168-9274},
	Optkeywords = {Parallel computing},
	Optnote = {Developments and Trends in Iterative Methods for
                  Large Systems of Equations - in memorium Rudiger
                  Weiss},
	Optnumber = {1},
	Opturl =
                  {http://www.sciencedirect.com/science/article/pii/S0168927401001155},
	Optvolume = {41},
	Pages = {155--177},
	Title = {{BoomerAMG:} A parallel algebraic multigrid solver
                  and preconditioner},
	Year = {2002}}

@misc{tsansc,
	Author = {Serebryany, Konstantin and Vyukov, Dmitry},
	Howpublished =
                  {\url{http://clang.llvm.org/docs/SanitizerSpecialCaseList.html}},
	Title = {Sanitizer special case list}}

@misc{llvmomp,
	Howpublished = {\url{http://openmp.llvm.org}},
	Title = {{OpenMP}: Support for the {OpenMP} language}}

@misc{openmprtl,
	Howpublished = {\url{https://www.openmprtl.org}},
	Title = {{Intel {OpenMP} Runtime Library}}}

@misc{coral,
	Howpublished = {\url{https://asc.llnl.gov/CORAL-benchmarks/}},
	Title = {{CORAL Benchmark Codes}}}

@misc{top500,
	Howpublished = {\url{http://www.top500.org/}},
	Title = {Top 500}}

@misc{sierra,
	Howpublished = {\url{https://asc.llnl.gov/coral-info}},
	Title = {{CORAL/Sierra}}}

@misc{summit,
	Howpublished =
                  {\url{https://www.olcf.ornl.gov/wp-content/uploads/2014/11/Summit_FactSheet.pdf
                  }},
	Title = {{SUMMIT}: Scale new heights. {D}iscover new solutions.}}

@misc{trinity,
	Howpublished = {\url{http://www.lanl.gov/projects/trinity/}},
	Title = {Trinity}}

@misc{CompilersMore,
	Howpublished =
                  {\url{http://www.hpcwire.com/2014/07/16/compilers-mpix/}},
	Title = {Compilers and More: {MPI+X}}}

@misc{llnl-apps,
	Howpublished =
                  {\url{https://wci.llnl.gov/simulation/computer-codes}},
	Title = {Compute Codes}}

@techreport{LULESH2:changes,
	Author = {Ian Karlin and Jeff Keasler and Rob Neely},
	Optlocation = {Livermore, CA},
	Optmonth = {August},
	Optnumber = {LLNL-TR-641973},
	Pages = {1--9},
	Title = {{LULESH} 2.0 Updates and Changes},
	Year = {2013}}

@techreport{hydra,
	Author = {Steven H. Langer and Ian Karlin and Marty Marinack},
	Institution = {Lawrence Livermore National Laboratory},
	Optlocation = {Livermore, CA},
	Optmonth = {September},
	Optnumber = {LLNL-TR-648439},
	Pages = {1--5},
	Title = {Performance Characteristics of {HYDRA} - a
                  Multi-Physics simulation code from {LLNL}},
	Year = {2014}}

@article{kull,
	Author = {J. A. Rathkopf and D. S. Miller and J. M. Owen and
                  L. M. Stuart and M. R. Zika and P. G. Eltgroth and
                  N. K. Madsen and K. P. McCandless and P. F. Nowak
                  and M. K. Nemanic and N. A. Gentile and N. D. Keen
                  and T. S. Palmer and B. R. Buck and
                  J. K. Hollingsworth},
	Journal = {Physor 2000, ANS Topical Meeting on Advances in
                  Reactor Physics and Mathematics and Computation into
                  the Next Millennium},
	Optmonth = {May},
	Title = {{KULL}: {LLNL}'s {ASCI} Inertial Confinement Fusion
                  Simulation Code},
	Year = 2000}

@article{polly,
	Author = {Grosser, Tobias and Groesslinger, Armin and
                  Lengauer, Christian},
	Journal = {Par. Proc. Letters},
	Optdoi = {10.1142/S0129626412500107},
	Opteprint =
                  {http://www.worldscientific.com/doi/pdf/10.1142/S0129626412500107},
	Optnumber = 04,
	Opturl =
                  {http://www.worldscientific.com/doi/abs/10.1142/S0129626412500107},
	Optvolume = 22,
	Title = {{POLLY} -- Performing Polyhedral Optimizations on
                  Low-Level Intermediate Representation},
	Year = 2012}

@article{Lamport-lock,
	Author = {Lamport, Leslie},
	Journal = {Commun. ACM},
	Optacmid = {361093},
	Optaddress = {New York, NY, USA},
	Optdoi = {10.1145/361082.361093},
	Optissn = {0001-0782},
	Optissue_Date = {Aug. 1974},
	Optkeywords = {concurrent programming, critical section,
                  multiprocessing, semaphores},
	Optmonth = aug,
	Optnumber = {8},
	Optnumpages = {3},
	Optpublisher = {ACM},
	Opturl = {http://doi.acm.org/10.1145/361082.361093},
	Optvolume = {17},
	Pages = {453--455},
	Title = {A New Solution of {D}ijkstra's Concurrent Programming
                  Problem},
	Year = {1974}}

@incollection{eichenberger_ompt:_2013,
	Author = {Eichenberger, Alexandre E. and Mellor-Crummey, John
                  and Schulz, Martin and Wong, Michael and Copty,
                  Nawal and Dietrich, Robert and Liu, Xu and Loh,
                  Eugene and Lorenz, Daniel},
	Booktitle = {{OpenMP} in the Era of Low Power Devices and
                  Accelerators},
	Optcopyright = {{\copyright}2013 Springer-Verlag Berlin
                  Heidelberg},
	Opteditor = {Rendell, Alistair P. and Chapman, Barbara M. and
                  M{\"u}ller, Matthias S.},
	Optfile = {Snapshot:/Users/simone/Library/Application
                  Support/Zotero/Profiles/7pus3gjx.default/zotero/storage/86CHRBJM/10.html:text/html},
	Optisbn = {978-3-642-40697-3, 978-3-642-40698-0},
	Optkeywords = {Algorithm Analysis and Problem Complexity,
                  Computation by Abstract Devices, Processor
                  Architectures, Programming Languages, Compilers,
                  Interpreters, Programming Techniques, System
                  Performance and Evaluation},
	Optmonth = jan,
	Optnumber = {8122},
	Optpublisher = {Springer Berlin Heidelberg},
	Optseries = {Lecture Notes in Computer Science},
	Optshorttitle = {{OMPT}},
	Opturl =
                  {http://link.springer.com/chapter/10.1007/978-3-642-40698-0_13},
	Opturldate = {2013-12-18},
	Pages = {171--185},
	Title = {{OMPT}: An {OpenMP} Tools Application Programming
                  Interface for Performance Analysis},
	Year = {2013}}

@conference{helgrind,
	Author = {Ali Jannesari and Kaibin Bao and Victor Pankratius
                  and Walter F. Tichy},
	Booktitle = {IPDPS},
	Optaddress = {Rome, Italy},
	Optid = {199},
	Optpublisher = {IEEE},
	Opttype = {publikation},
	Title = {Helgrind+: An Efficient Dynamic Race Detector},
	Year = 2009}

@inproceedings{lattner2004llvm,
	Author = {{Lattner, Chris and Adve, Vikram}},
	Booktitle = {CGO},
	Optorganization = {IEEE},
	Pages = {75--86},
	Title = {LLVM: A compilation framework for lifelong program
                  analysis \& transformation},
	Year = {2004}}

@article{lattner2011llvm,
	Author = {Lattner, C},
	Journal = {Proc.\ of FOSDEM},
	Title = {{LLVM} and {C}lang: advancing compiler technology},
	Year = 2011}

@inproceedings{ompscr,
	Author = {Dorta, Antonio J. and Rodr\'iguez, Casiano and de
                  Sande, Francisco and Gonz\'alez-Escribano, Arturo},
	Booktitle = {PDP},
	Optpublisher = {IEEE Computer Society},
	Pages = {244--250},
	Title = {{The {OpenMP} Source Code Repository.}},
	Year = 2005}

@inproceedings{tsan:2009,
	Author = {Serebryany, Konstantin and Iskhodzhanov, Timur},
	Booktitle = {Proc. of the Workshop on Binary
                  Instrumentation and Applications},
	Optacmid = {1791203},
	Optaddress = {New York, NY, USA},
	Optdoi = {10.1145/1791194.1791203},
	Optisbn = {978-1-60558-793-6},
	Optkeywords = {Valgrind, concurrency bugs, dynamic data race
                  detection, testing},
	Optlocation = {New York, New York},
	Optnumpages = {10},
	Optpublisher = {ACM},
	Optseries = {WBIA '09},
	Opturl = {http://doi.acm.org/10.1145/1791194.1791203},
	Pages = {62--71},
	Title = {{ThreadSanitizer}: Data Race Detection in Practice},
	Year = {2009}}

@inproceedings{tsan:2012,
	Author = {Serebryany, Konstantin and Potapenko, Alexander and
                  Iskhodzhanov, Timur and Vyukov, Dmitriy},
	Booktitle = {Runtime Verification},
	Optorganization = {Springer},
	Pages = {110--114},
	Title = {Dynamic race detection with {LLVM} compiler},
	Year = {2012}}

@inproceedings{Protze:2014:TPL:2688361.2688369,
	Author = {Protze, Joachim and Atzeni, Simone and Ahn, Dong
                  H. and Schulz, Martin and Gopalakrishnan, Ganesh and
                  M\"{u}ller, Matthias S. and Laguna, Ignacio and
                  Rakamari\'{c}, Zvonimir and Lee, Greg L.},
	Booktitle = {Proc. of the 2014 LLVM Compiler
                  Infrastructure in HPC},
	Optacmid = {2688369},
	Optaddress = {Piscataway, NJ, USA},
	Optdoi = {10.1109/LLVM-HPC.2014.7},
	Optisbn = {978-1-4799-7023-0},
	Optlocation = {New Orleans, Louisiana},
	Optnumpages = {8},
	Optpublisher = {IEEE Press},
	Optseries = {LLVM-HPC '14},
	Opturl = {http://dx.doi.org/10.1109/LLVM-HPC.2014.7},
	Pages = {40--47},
	Title = {Towards Providing Low-overhead Data Race Detection
                  for Large {OpenMP} Applications},
	Year = {2014}}

@book{Kennedy:2001:OCM:502981,
	Author = {Kennedy, Ken and Allen, John R.},
	Optaddress = {San Francisco, CA, USA},
	Optisbn = {1-55860-286-0},
	Publisher = {No Publishers Inc.},
	Title = {Optimizing Compilers for Modern Architectures: A
                  Dependence-based Approach},
	Year = {2002}}

@book{Muchnick:1998:ACD:286076,
	Author = {Muchnick, Steven S.},
	Optaddress = {San Francisco, CA, USA},
	Optisbn = {1-55860-320-4},
	Publisher = {Morgan Kaufmann Publishers Inc.},
	Title = {Advanced Compiler Design and Implementation},
	Year = {1997}}

@inproceedings{smaragdakis_sound_2012,
	Author = {Smaragdakis, Yannis and Evans, Jacob and Sadowski,
                  Caitlin and Yi, Jaeheon and Flanagan, Cormac},
	Booktitle = {POPL},
	Optaddress = {New York, NY, USA},
	Optdoi = {10.1145/2103656.2103702},
	Optisbn = {978-1-4503-1083-3},
	Optkeywords = {dynamic analysis, happens-before, Race
                  Detection},
	Optpublisher = {ACM},
	Optseries = {{POPL} '12},
	Opturl = {http://doi.acm.org/10.1145/2103656.2103702},
	Opturldate = {2014-02-02},
	Pages = {387--400},
	Title = {Sound {Predictive} {Race} {Detection} in {Polynomial}
                  {Time}},
	Year = {2012}}

@article{RamanZSVY12,
	Author = {Raghavan Raman and Jisheng Zhao and Vivek Sarkar and
                  Martin T. Vechev and Eran Yahav},
	Journal = {FMSD},
	Optbibsource = {dblp computer science bibliography,
                  http://dblp.org},
	Optbiburl =
                  {http://dblp.uni-trier.de/rec/bib/journals/fmsd/RamanZSVY12},
	Optdoi = {10.1007/s10703-012-0143-7},
	Optnumber = {3},
	Opttimestamp = {Mon, 10 Dec 2012 12:51:40 +0100},
	Opturl = {http://dx.doi.org/10.1007/s10703-012-0143-7},
	Optvolume = {41},
	Pages = {321--347},
	Title = {Efficient data race detection for async-finish
                  parallelism},
	Year = {2012}}

@inproceedings{RaychevVS13,
	Author = {Raychev, Veselin and Vechev, Martin T. and
                  Sridharan, Manu},
	Booktitle = {OOPSLA},
	Optadded-At = {2013-10-25T00:00:00.000+0200},
	Optbiburl =
                  {http://www.bibsonomy.org/bibtex/220c68c1966d9db459a3b4b36dce1e2e1/dblp},
	Opteditor = {Hosking, Antony L. and Eugster, Patrick Th. and
                  Lopes, Cristina V.},
	Optee = {http://doi.acm.org/10.1145/2509136.2509538},
	Optinterhash = {ecc4a3aee5a7ff4253c2d12a2ed01f3e},
	Optintrahash = {20c68c1966d9db459a3b4b36dce1e2e1},
	Optisbn = {978-1-4503-2374-1},
	Optkeywords = {dblp},
	Optpublisher = {ACM},
	Opttimestamp = {2013-10-26T11:34:47.000+0200},
	Opturl =
                  {http://dblp.uni-trier.de/db/conf/oopsla/oopsla2013.html#RaychevVS13},
	Pages = {151--166},
	Title = {Effective race detection for event-driven programs.},
	Year = 2013}

@article{Pratikakis:2011:LPS:1889997.1890000,
	Author = {Pratikakis, Polyvios and Foster, Jeffrey S. and
                  Hicks, Michael},
	Journal = {TOPLAS},
	Optacmid = {1890000},
	Optaddress = {New York, NY, USA},
	Optarticleno = {3},
	Optdoi = {10.1145/1889997.1890000},
	Optissn = {0164-0925},
	Optissue_Date = {January 2011},
	Optkeywords = {Data race, Locksmith, context sensitivity,
                  contextual effects, correlation inference, race
                  detection, sharing analysis, static analysis},
	Optmonth = jan,
	Optnumber = {1},
	Optnumpages = {55},
	Optpublisher = {ACM},
	Opturl = {http://doi.acm.org/10.1145/1889997.1890000},
	Optvolume = {33},
	Pages = {3:1--3:55},
	Title = {{LOCKSMITH}: Practical Static Race Detection for {C}},
	Year = {2011}}

@inproceedings{Voung:2007:RSR:1287624.1287654,
	Author = {Voung, Jan Wen and Jhala, Ranjit and Lerner, Sorin},
	Booktitle = {ESEC-FSE},
	Optacmid = {1287654},
	Optaddress = {New York, NY, USA},
	Optdoi = {10.1145/1287624.1287654},
	Optisbn = {978-1-59593-811-4},
	Optkeywords = {race detection, static analysis},
	Optlocation = {Dubrovnik, Croatia},
	Optnumpages = {10},
	Optpublisher = {ACM},
	Optseries = {ESEC-FSE '07},
	Opturl = {http://doi.acm.org/10.1145/1287624.1287654},
	Pages = {205--214},
	Title = {{RELAY}: Static Race Detection on Millions of Lines of
                  Code},
	Year = {2007}}

@inproceedings{engler2003racerx,
	Author = {Engler, Dawson and Ashcraft, Ken},
	Booktitle = {SOSP},
	Optnumber = {5},
	Optorganization = {ACM},
	Optvolume = {37},
	Pages = {237--252},
	Title = {{RacerX}: effective, static detection of race
                  conditions and deadlocks},
	Year = {2003}}

@article{savage1997eraser,
	Author = {Savage, Stefan and Burrows, Michael and Nelson, Greg
                  and Sobalvarro, Patrick and Anderson, Thomas},
	Journal = {ACM TOCS},
	Optnumber = {4},
	Optpublisher = {ACM},
	Optvolume = {15},
	Pages = {391--411},
	Title = {Eraser: A dynamic data race detector for
                  multithreaded programs},
	Year = {1997}}

@inproceedings{Flanagan:2009,
	Author = {Flanagan, Cormac and Freund, Stephen N.},
	Booktitle = {PLDI},
	Optacmid = {1542490},
	Optaddress = {New York, NY, USA},
	Optdoi = {10.1145/1542476.1542490},
	Optisbn = {978-1-60558-392-1},
	Optkeywords = {concurrency, dynamic analysis, race
                  conditions},
	Optlocation = {Dublin, Ireland},
	Optnumpages = {13},
	Optpublisher = {ACM},
	Optseries = {PLDI '09},
	Opturl = {http://doi.acm.org/10.1145/1542476.1542490},
	Pages = {121--133},
	Title = {{FastTrack}: Efficient and Precise Dynamic Race
                  Detection},
	Year = {2009}}

@inproceedings{Sen:2008,
	Author = {Sen, Koushik},
	Booktitle = {PLDI},
	Optacmid = {1375584},
	Optaddress = {New York, NY, USA},
	Optdoi = {10.1145/1375581.1375584},
	Optisbn = {978-1-59593-860-2},
	Optkeywords = {concurrency, dynamic analysis, race detection,
                  random testing},
	Optlocation = {Tucson, AZ, USA},
	Optnumpages = {11},
	Optpublisher = {ACM},
	Optseries = {PLDI '08},
	Opturl = {http://doi.acm.org/10.1145/1375581.1375584},
	Pages = {11--21},
	Title = {Race Directed Random Testing of Concurrent Programs},
	Year = {2008}}

@inproceedings{Effinger-Dean:2012,
	Author = {Effinger-Dean, Laura and Lucia, Brandon and Ceze,
                  Luis and Grossman, Dan and Boehm, Hans-J.},
	Booktitle = {OOPSLA},
	Optacmid = {2384650},
	Optaddress = {New York, NY, USA},
	Optdoi = {10.1145/2384616.2384650},
	Optisbn = {978-1-4503-1561-6},
	Optkeywords = {concurrency, data-race detection,
                  interference-free regions},
	Optlocation = {Tucson, Arizona, USA},
	Optnumpages = {18},
	Optpublisher = {ACM},
	Optseries = {OOPSLA '12},
	Opturl = {http://doi.acm.org/10.1145/2384616.2384650},
	Pages = {467--484},
	Title = {{IFRit}: Interference-free Regions for Dynamic
                  Data-race Detection}},
	Year = {2012}}

@inproceedings{Ha:2012:ODD:2338967.2336808,
	Author = {Ha, Ok-Kyoon and Kuh, In-Bon and Tchamgoue, Guy
                  Martin and Jun, Yong-Kee},
	Booktitle = {Proc. of the 2012 Workshop on Parallel and
                  Distributed Systems: Testing, Analysis, and
                  Debugging},
	Optacmid = {2336808},
	Optaddress = {New York, NY, USA},
	Optdoi = {10.1145/2338967.2336808},
	Optisbn = {978-1-4503-1456-5},
	Optlocation = {Minneapolis, MN, USA},
	Optnumpages = {10},
	Optpublisher = {ACM},
	Optseries = {PADTAD 2012},
	Opturl = {http://doi.acm.org/10.1145/2338967.2336808},
	Pages = {1--10},
	Title = {{On-the-fly Detection of Data Races in {OpenMP}
                  Programs}},
	Year = {2012}}

@book{Chapman:2007:UOP:1370966,
	Author = {Chapman, Barbara and Jost, Gabriele and Pas, Ruud
                  van der},
	Optisbn = {0262533022, 9780262533027},
	Publisher = {The MIT Press},
	Title = {Using {OpenMP}: Portable Shared Memory Parallel
                  Programming (Scientific and Engineering
                  Computation)},
	Year = {2007}}
